<?xml version="1.0" encoding="UTF-8"?><collection xmlns="http://www.loc.gov/MARC21/slim"><record><leader>00436nam--2200157-i-4500</leader><controlfield tag="001">000015013</controlfield><controlfield tag="002">20161230</controlfield><controlfield tag="005">20170306185241</controlfield><controlfield tag="008">060222s1000------------r-----000-0-eng-d</controlfield><datafield ind1=" " ind2=" " tag="100"><subfield code="a">Dummer, Geoffrey W. A</subfield></datafield><datafield ind1=" " ind2=" " tag="245"><subfield code="a">Environmental testing techniques for electronics and materials</subfield></datafield><datafield ind1=" " ind2=" " tag="260"><subfield code="a">Oxford</subfield><subfield code="b">Pergamon Press</subfield><subfield code="c">1962</subfield></datafield><datafield ind1=" " ind2=" " tag="300"><subfield code="a">X+444 p</subfield></datafield><datafield ind1=" " ind2=" " tag="700"><subfield code="a">Griffin, Norman B</subfield></datafield><datafield ind1=" " ind2=" " tag="852"><subfield code="a">502.5:621.38</subfield></datafield><datafield ind1=" " ind2=" " tag="CAT"><subfield code="a">SYS</subfield><subfield code="c">20170306</subfield><subfield code="h">185241</subfield></datafield></record></collection>